%YAML 1.1
%TAG !u! tag:unity3d.com,2011:
--- !u!1 &6590569461023085195
GameObject:
  m_ObjectHideFlags: 0
  m_CorrespondingSourceObject: {fileID: 0}
  m_PrefabInstance: {fileID: 0}
  m_PrefabAsset: {fileID: 0}
  serializedVersion: 6
  m_Component:
  - component: {fileID: 6590569461023085300}
  m_Layer: 0
  m_Name: Weights
  m_TagString: Untagged
  m_Icon: {fileID: 0}
  m_NavMeshLayer: 0
  m_StaticEditorFlags: 0
  m_IsActive: 1
--- !u!4 &6590569461023085300
Transform:
  m_ObjectHideFlags: 0
  m_CorrespondingSourceObject: {fileID: 0}
  m_PrefabInstance: {fileID: 0}
  m_PrefabAsset: {fileID: 0}
  m_GameObject: {fileID: 6590569461023085195}
  m_LocalRotation: {x: -0, y: -0, z: -0, w: 1}
  m_LocalPosition: {x: 0, y: 0.93000007, z: -0.63}
  m_LocalScale: {x: 0.16, y: 0.16, z: 0.16}
  m_Children:
  - {fileID: 3433910198738085545}
  - {fileID: 3433910199370210512}
  - {fileID: 3433910198842615320}
  - {fileID: 3433910198204232501}
  - {fileID: 530648573728184657}
  - {fileID: 530648572245365006}
  - {fileID: 530648572839394085}
  - {fileID: 530648572921127778}
  - {fileID: 8481999263176990434}
  - {fileID: 8481999261972461654}
  - {fileID: 8481999263061892469}
  - {fileID: 8481999262137448234}
  m_Father: {fileID: 0}
  m_RootOrder: 0
  m_LocalEulerAnglesHint: {x: 0, y: 0, z: 0}
--- !u!114 &6590569461090220270
MonoBehaviour:
  m_ObjectHideFlags: 0
  m_CorrespondingSourceObject: {fileID: 0}
  m_PrefabInstance: {fileID: 0}
  m_PrefabAsset: {fileID: 0}
  m_GameObject: {fileID: 530648572839394088}
  m_Enabled: 1
  m_EditorHideFlags: 0
  m_Script: {fileID: 11500000, guid: 02d61468f8b77ae4b92c344bc9a600fb, type: 3}
  m_Name: 
  m_EditorClassIdentifier: 
  m_allowOffhandGrab: 1
  m_snapPosition: 0
  m_snapOrientation: 0
  m_snapOffset: {fileID: 0}
  m_grabPoints:
  - {fileID: 530648572839394086}
--- !u!114 &6590569462134790378
MonoBehaviour:
  m_ObjectHideFlags: 0
  m_CorrespondingSourceObject: {fileID: 0}
  m_PrefabInstance: {fileID: 0}
  m_PrefabAsset: {fileID: 0}
  m_GameObject: {fileID: 3433910198842615317}
  m_Enabled: 1
  m_EditorHideFlags: 0
  m_Script: {fileID: 11500000, guid: 02d61468f8b77ae4b92c344bc9a600fb, type: 3}
  m_Name: 
  m_EditorClassIdentifier: 
  m_allowOffhandGrab: 1
  m_snapPosition: 0
  m_snapOrientation: 0
  m_snapOffset: {fileID: 0}
  m_grabPoints:
  - {fileID: 3433910198842615323}
--- !u!114 &6590569462313797162
MonoBehaviour:
  m_ObjectHideFlags: 0
  m_CorrespondingSourceObject: {fileID: 0}
  m_PrefabInstance: {fileID: 0}
  m_PrefabAsset: {fileID: 0}
  m_GameObject: {fileID: 8481999263061892472}
  m_Enabled: 1
  m_EditorHideFlags: 0
  m_Script: {fileID: 11500000, guid: 02d61468f8b77ae4b92c344bc9a600fb, type: 3}
  m_Name: 
  m_EditorClassIdentifier: 
  m_allowOffhandGrab: 1
  m_snapPosition: 0
  m_snapOrientation: 0
  m_snapOffset: {fileID: 0}
  m_grabPoints:
  - {fileID: 8481999263061892470}
--- !u!1001 &6590569460603234325
PrefabInstance:
  m_ObjectHideFlags: 0
  serializedVersion: 2
  m_Modification:
    m_TransformParent: {fileID: 6590569461023085300}
    m_Modifications:
    - target: {fileID: 481354760050784414, guid: a69db08cb3cc4d94493d403310aa47cd,
        type: 3}
      propertyPath: m_textInfo.characterCount
      value: 3
      objectReference: {fileID: 0}
    - target: {fileID: 481354760050784414, guid: a69db08cb3cc4d94493d403310aa47cd,
        type: 3}
      propertyPath: m_textInfo.wordCount
      value: 1
      objectReference: {fileID: 0}
    - target: {fileID: 481354760050784414, guid: a69db08cb3cc4d94493d403310aa47cd,
        type: 3}
      propertyPath: m_textInfo.lineCount
      value: 1
      objectReference: {fileID: 0}
    - target: {fileID: 481354760050784414, guid: a69db08cb3cc4d94493d403310aa47cd,
        type: 3}
      propertyPath: m_textInfo.pageCount
      value: 1
      objectReference: {fileID: 0}
    - target: {fileID: 6641496708505792836, guid: a69db08cb3cc4d94493d403310aa47cd,
        type: 3}
      propertyPath: m_LocalPosition.x
      value: -5.625
      objectReference: {fileID: 0}
    - target: {fileID: 6641496708505792836, guid: a69db08cb3cc4d94493d403310aa47cd,
        type: 3}
      propertyPath: m_LocalPosition.y
      value: 0
      objectReference: {fileID: 0}
    - target: {fileID: 6641496708505792836, guid: a69db08cb3cc4d94493d403310aa47cd,
        type: 3}
      propertyPath: m_LocalPosition.z
      value: 0
      objectReference: {fileID: 0}
    - target: {fileID: 6641496708505792836, guid: a69db08cb3cc4d94493d403310aa47cd,
        type: 3}
      propertyPath: m_LocalRotation.x
      value: -0
      objectReference: {fileID: 0}
    - target: {fileID: 6641496708505792836, guid: a69db08cb3cc4d94493d403310aa47cd,
        type: 3}
      propertyPath: m_LocalRotation.y
      value: -0
      objectReference: {fileID: 0}
    - target: {fileID: 6641496708505792836, guid: a69db08cb3cc4d94493d403310aa47cd,
        type: 3}
      propertyPath: m_LocalRotation.z
      value: -0
      objectReference: {fileID: 0}
    - target: {fileID: 6641496708505792836, guid: a69db08cb3cc4d94493d403310aa47cd,
        type: 3}
      propertyPath: m_LocalRotation.w
      value: 1
      objectReference: {fileID: 0}
    - target: {fileID: 6641496708505792836, guid: a69db08cb3cc4d94493d403310aa47cd,
        type: 3}
      propertyPath: m_RootOrder
      value: 4
      objectReference: {fileID: 0}
    - target: {fileID: 6641496708505792836, guid: a69db08cb3cc4d94493d403310aa47cd,
        type: 3}
      propertyPath: m_LocalEulerAnglesHint.x
      value: 0
      objectReference: {fileID: 0}
    - target: {fileID: 6641496708505792836, guid: a69db08cb3cc4d94493d403310aa47cd,
        type: 3}
      propertyPath: m_LocalEulerAnglesHint.y
      value: 0
      objectReference: {fileID: 0}
    - target: {fileID: 6641496708505792836, guid: a69db08cb3cc4d94493d403310aa47cd,
        type: 3}
      propertyPath: m_LocalEulerAnglesHint.z
      value: 0
      objectReference: {fileID: 0}
    - target: {fileID: 6641496708505792836, guid: a69db08cb3cc4d94493d403310aa47cd,
        type: 3}
      propertyPath: m_LocalScale.x
      value: 0.75
      objectReference: {fileID: 0}
    - target: {fileID: 6641496708505792836, guid: a69db08cb3cc4d94493d403310aa47cd,
        type: 3}
      propertyPath: m_LocalScale.y
      value: 0.75
      objectReference: {fileID: 0}
    - target: {fileID: 6641496708505792836, guid: a69db08cb3cc4d94493d403310aa47cd,
        type: 3}
      propertyPath: m_LocalScale.z
      value: 0.75
      objectReference: {fileID: 0}
    - target: {fileID: 6641496708505792839, guid: a69db08cb3cc4d94493d403310aa47cd,
        type: 3}
      propertyPath: m_IsTrigger
      value: 0
      objectReference: {fileID: 0}
    - target: {fileID: 6641496708505792839, guid: a69db08cb3cc4d94493d403310aa47cd,
        type: 3}
      propertyPath: m_Material
      value: 
      objectReference: {fileID: 13400000, guid: 367f72bf4b721194f81765a3856bf720,
        type: 2}
    - target: {fileID: 6641496708505792840, guid: a69db08cb3cc4d94493d403310aa47cd,
        type: 3}
      propertyPath: m_UseGravity
      value: 1
      objectReference: {fileID: 0}
    - target: {fileID: 6641496708505792840, guid: a69db08cb3cc4d94493d403310aa47cd,
        type: 3}
      propertyPath: m_Constraints
      value: 0
      objectReference: {fileID: 0}
    - target: {fileID: 6641496708505792841, guid: a69db08cb3cc4d94493d403310aa47cd,
        type: 3}
      propertyPath: m_Name
      value: 1KG Weight
      objectReference: {fileID: 0}
    - target: {fileID: 6641496708505792841, guid: a69db08cb3cc4d94493d403310aa47cd,
        type: 3}
      propertyPath: m_TagString
      value: 1KG
      objectReference: {fileID: 0}
    - target: {fileID: 6641496708505792841, guid: a69db08cb3cc4d94493d403310aa47cd,
        type: 3}
      propertyPath: m_IsActive
      value: 1
      objectReference: {fileID: 0}
    m_RemovedComponents: []
  m_SourcePrefab: {fileID: 100100000, guid: a69db08cb3cc4d94493d403310aa47cd, type: 3}
--- !u!4 &530648573728184657 stripped
Transform:
  m_CorrespondingSourceObject: {fileID: 6641496708505792836, guid: a69db08cb3cc4d94493d403310aa47cd,
    type: 3}
  m_PrefabInstance: {fileID: 6590569460603234325}
  m_PrefabAsset: {fileID: 0}
--- !u!1001 &6590569460650584477
PrefabInstance:
  m_ObjectHideFlags: 0
  serializedVersion: 2
  m_Modification:
    m_TransformParent: {fileID: 6590569461023085300}
    m_Modifications:
    - target: {fileID: 3368821586960348388, guid: ec13592f09fba8244b83d3ab869ed6d9,
        type: 3}
      propertyPath: m_UseGravity
      value: 1
      objectReference: {fileID: 0}
    - target: {fileID: 3368821586960348388, guid: ec13592f09fba8244b83d3ab869ed6d9,
        type: 3}
      propertyPath: m_Constraints
      value: 0
      objectReference: {fileID: 0}
    - target: {fileID: 3368821586960348389, guid: ec13592f09fba8244b83d3ab869ed6d9,
        type: 3}
      propertyPath: m_Name
      value: 500G Weight (2)
      objectReference: {fileID: 0}
    - target: {fileID: 3368821586960348389, guid: ec13592f09fba8244b83d3ab869ed6d9,
        type: 3}
      propertyPath: m_TagString
      value: 500G
      objectReference: {fileID: 0}
    - target: {fileID: 3368821586960348389, guid: ec13592f09fba8244b83d3ab869ed6d9,
        type: 3}
      propertyPath: m_IsActive
      value: 1
      objectReference: {fileID: 0}
    - target: {fileID: 3368821586960348392, guid: ec13592f09fba8244b83d3ab869ed6d9,
        type: 3}
      propertyPath: m_LocalPosition.x
      value: 7.54
      objectReference: {fileID: 0}
    - target: {fileID: 3368821586960348392, guid: ec13592f09fba8244b83d3ab869ed6d9,
        type: 3}
      propertyPath: m_LocalPosition.y
      value: 0
      objectReference: {fileID: 0}
    - target: {fileID: 3368821586960348392, guid: ec13592f09fba8244b83d3ab869ed6d9,
        type: 3}
      propertyPath: m_LocalPosition.z
      value: 0
      objectReference: {fileID: 0}
    - target: {fileID: 3368821586960348392, guid: ec13592f09fba8244b83d3ab869ed6d9,
        type: 3}
      propertyPath: m_LocalRotation.x
      value: -0
      objectReference: {fileID: 0}
    - target: {fileID: 3368821586960348392, guid: ec13592f09fba8244b83d3ab869ed6d9,
        type: 3}
      propertyPath: m_LocalRotation.y
      value: -0
      objectReference: {fileID: 0}
    - target: {fileID: 3368821586960348392, guid: ec13592f09fba8244b83d3ab869ed6d9,
        type: 3}
      propertyPath: m_LocalRotation.z
      value: -0
      objectReference: {fileID: 0}
    - target: {fileID: 3368821586960348392, guid: ec13592f09fba8244b83d3ab869ed6d9,
        type: 3}
      propertyPath: m_LocalRotation.w
      value: 1
      objectReference: {fileID: 0}
    - target: {fileID: 3368821586960348392, guid: ec13592f09fba8244b83d3ab869ed6d9,
        type: 3}
      propertyPath: m_RootOrder
      value: 10
      objectReference: {fileID: 0}
    - target: {fileID: 3368821586960348392, guid: ec13592f09fba8244b83d3ab869ed6d9,
        type: 3}
      propertyPath: m_LocalEulerAnglesHint.x
      value: 0
      objectReference: {fileID: 0}
    - target: {fileID: 3368821586960348392, guid: ec13592f09fba8244b83d3ab869ed6d9,
        type: 3}
      propertyPath: m_LocalEulerAnglesHint.y
      value: 0
      objectReference: {fileID: 0}
    - target: {fileID: 3368821586960348392, guid: ec13592f09fba8244b83d3ab869ed6d9,
        type: 3}
      propertyPath: m_LocalEulerAnglesHint.z
      value: 0
      objectReference: {fileID: 0}
    - target: {fileID: 3368821586960348392, guid: ec13592f09fba8244b83d3ab869ed6d9,
        type: 3}
      propertyPath: m_LocalScale.x
      value: 0.5
      objectReference: {fileID: 0}
    - target: {fileID: 3368821586960348392, guid: ec13592f09fba8244b83d3ab869ed6d9,
        type: 3}
      propertyPath: m_LocalScale.y
      value: 0.5
      objectReference: {fileID: 0}
    - target: {fileID: 3368821586960348392, guid: ec13592f09fba8244b83d3ab869ed6d9,
        type: 3}
      propertyPath: m_LocalScale.z
      value: 0.5
      objectReference: {fileID: 0}
    - target: {fileID: 3368821586960348395, guid: ec13592f09fba8244b83d3ab869ed6d9,
        type: 3}
      propertyPath: m_IsTrigger
      value: 0
      objectReference: {fileID: 0}
    - target: {fileID: 3368821586960348395, guid: ec13592f09fba8244b83d3ab869ed6d9,
        type: 3}
      propertyPath: m_Material
      value: 
      objectReference: {fileID: 13400000, guid: 367f72bf4b721194f81765a3856bf720,
        type: 2}
    - target: {fileID: 8378171854906244402, guid: ec13592f09fba8244b83d3ab869ed6d9,
        type: 3}
      propertyPath: m_textInfo.characterCount
      value: 4
      objectReference: {fileID: 0}
    - target: {fileID: 8378171854906244402, guid: ec13592f09fba8244b83d3ab869ed6d9,
        type: 3}
      propertyPath: m_textInfo.wordCount
      value: 1
      objectReference: {fileID: 0}
    - target: {fileID: 8378171854906244402, guid: ec13592f09fba8244b83d3ab869ed6d9,
        type: 3}
      propertyPath: m_textInfo.lineCount
      value: 1
      objectReference: {fileID: 0}
    - target: {fileID: 8378171854906244402, guid: ec13592f09fba8244b83d3ab869ed6d9,
        type: 3}
      propertyPath: m_textInfo.pageCount
      value: 1
      objectReference: {fileID: 0}
    m_RemovedComponents:
    - {fileID: 1153860926733311152, guid: ec13592f09fba8244b83d3ab869ed6d9, type: 3}
  m_SourcePrefab: {fileID: 100100000, guid: ec13592f09fba8244b83d3ab869ed6d9, type: 3}
--- !u!4 &8481999263061892469 stripped
Transform:
  m_CorrespondingSourceObject: {fileID: 3368821586960348392, guid: ec13592f09fba8244b83d3ab869ed6d9,
    type: 3}
  m_PrefabInstance: {fileID: 6590569460650584477}
  m_PrefabAsset: {fileID: 0}
--- !u!1 &8481999263061892472 stripped
GameObject:
  m_CorrespondingSourceObject: {fileID: 3368821586960348389, guid: ec13592f09fba8244b83d3ab869ed6d9,
    type: 3}
  m_PrefabInstance: {fileID: 6590569460650584477}
  m_PrefabAsset: {fileID: 0}
--- !u!65 &8481999263061892470 stripped
BoxCollider:
  m_CorrespondingSourceObject: {fileID: 3368821586960348395, guid: ec13592f09fba8244b83d3ab869ed6d9,
    type: 3}
  m_PrefabInstance: {fileID: 6590569460650584477}
  m_PrefabAsset: {fileID: 0}
--- !u!1001 &6590569460769909258
PrefabInstance:
  m_ObjectHideFlags: 0
  serializedVersion: 2
  m_Modification:
    m_TransformParent: {fileID: 6590569461023085300}
    m_Modifications:
    - target: {fileID: 3368821586960348388, guid: ec13592f09fba8244b83d3ab869ed6d9,
        type: 3}
      propertyPath: m_UseGravity
      value: 1
      objectReference: {fileID: 0}
    - target: {fileID: 3368821586960348388, guid: ec13592f09fba8244b83d3ab869ed6d9,
        type: 3}
      propertyPath: m_Constraints
      value: 0
      objectReference: {fileID: 0}
    - target: {fileID: 3368821586960348389, guid: ec13592f09fba8244b83d3ab869ed6d9,
        type: 3}
      propertyPath: m_Name
      value: 500G Weight
      objectReference: {fileID: 0}
    - target: {fileID: 3368821586960348389, guid: ec13592f09fba8244b83d3ab869ed6d9,
        type: 3}
      propertyPath: m_TagString
      value: 500G
      objectReference: {fileID: 0}
    - target: {fileID: 3368821586960348389, guid: ec13592f09fba8244b83d3ab869ed6d9,
        type: 3}
      propertyPath: m_IsActive
      value: 1
      objectReference: {fileID: 0}
    - target: {fileID: 3368821586960348392, guid: ec13592f09fba8244b83d3ab869ed6d9,
        type: 3}
      propertyPath: m_LocalPosition.x
      value: -7.5000005
      objectReference: {fileID: 0}
    - target: {fileID: 3368821586960348392, guid: ec13592f09fba8244b83d3ab869ed6d9,
        type: 3}
      propertyPath: m_LocalPosition.y
      value: 0
      objectReference: {fileID: 0}
    - target: {fileID: 3368821586960348392, guid: ec13592f09fba8244b83d3ab869ed6d9,
        type: 3}
      propertyPath: m_LocalPosition.z
      value: 0
      objectReference: {fileID: 0}
    - target: {fileID: 3368821586960348392, guid: ec13592f09fba8244b83d3ab869ed6d9,
        type: 3}
      propertyPath: m_LocalRotation.x
      value: -0
      objectReference: {fileID: 0}
    - target: {fileID: 3368821586960348392, guid: ec13592f09fba8244b83d3ab869ed6d9,
        type: 3}
      propertyPath: m_LocalRotation.y
      value: -0
      objectReference: {fileID: 0}
    - target: {fileID: 3368821586960348392, guid: ec13592f09fba8244b83d3ab869ed6d9,
        type: 3}
      propertyPath: m_LocalRotation.z
      value: -0
      objectReference: {fileID: 0}
    - target: {fileID: 3368821586960348392, guid: ec13592f09fba8244b83d3ab869ed6d9,
        type: 3}
      propertyPath: m_LocalRotation.w
      value: 1
      objectReference: {fileID: 0}
    - target: {fileID: 3368821586960348392, guid: ec13592f09fba8244b83d3ab869ed6d9,
        type: 3}
      propertyPath: m_RootOrder
      value: 8
      objectReference: {fileID: 0}
    - target: {fileID: 3368821586960348392, guid: ec13592f09fba8244b83d3ab869ed6d9,
        type: 3}
      propertyPath: m_LocalEulerAnglesHint.x
      value: 0
      objectReference: {fileID: 0}
    - target: {fileID: 3368821586960348392, guid: ec13592f09fba8244b83d3ab869ed6d9,
        type: 3}
      propertyPath: m_LocalEulerAnglesHint.y
      value: 0
      objectReference: {fileID: 0}
    - target: {fileID: 3368821586960348392, guid: ec13592f09fba8244b83d3ab869ed6d9,
        type: 3}
      propertyPath: m_LocalEulerAnglesHint.z
      value: 0
      objectReference: {fileID: 0}
    - target: {fileID: 3368821586960348392, guid: ec13592f09fba8244b83d3ab869ed6d9,
        type: 3}
      propertyPath: m_LocalScale.x
      value: 0.5
      objectReference: {fileID: 0}
    - target: {fileID: 3368821586960348392, guid: ec13592f09fba8244b83d3ab869ed6d9,
        type: 3}
      propertyPath: m_LocalScale.y
      value: 0.5
      objectReference: {fileID: 0}
    - target: {fileID: 3368821586960348392, guid: ec13592f09fba8244b83d3ab869ed6d9,
        type: 3}
      propertyPath: m_LocalScale.z
      value: 0.5
      objectReference: {fileID: 0}
    - target: {fileID: 3368821586960348395, guid: ec13592f09fba8244b83d3ab869ed6d9,
        type: 3}
      propertyPath: m_IsTrigger
      value: 0
      objectReference: {fileID: 0}
    - target: {fileID: 3368821586960348395, guid: ec13592f09fba8244b83d3ab869ed6d9,
        type: 3}
      propertyPath: m_Material
      value: 
      objectReference: {fileID: 13400000, guid: 367f72bf4b721194f81765a3856bf720,
        type: 2}
    - target: {fileID: 8378171854906244402, guid: ec13592f09fba8244b83d3ab869ed6d9,
        type: 3}
      propertyPath: m_textInfo.characterCount
      value: 4
      objectReference: {fileID: 0}
    - target: {fileID: 8378171854906244402, guid: ec13592f09fba8244b83d3ab869ed6d9,
        type: 3}
      propertyPath: m_textInfo.wordCount
      value: 1
      objectReference: {fileID: 0}
    - target: {fileID: 8378171854906244402, guid: ec13592f09fba8244b83d3ab869ed6d9,
        type: 3}
      propertyPath: m_textInfo.lineCount
      value: 1
      objectReference: {fileID: 0}
    - target: {fileID: 8378171854906244402, guid: ec13592f09fba8244b83d3ab869ed6d9,
        type: 3}
      propertyPath: m_textInfo.pageCount
      value: 1
      objectReference: {fileID: 0}
    m_RemovedComponents: []
  m_SourcePrefab: {fileID: 100100000, guid: ec13592f09fba8244b83d3ab869ed6d9, type: 3}
--- !u!4 &8481999263176990434 stripped
Transform:
  m_CorrespondingSourceObject: {fileID: 3368821586960348392, guid: ec13592f09fba8244b83d3ab869ed6d9,
    type: 3}
  m_PrefabInstance: {fileID: 6590569460769909258}
  m_PrefabAsset: {fileID: 0}
--- !u!1001 &6590569461020896182
PrefabInstance:
  m_ObjectHideFlags: 0
  serializedVersion: 2
  m_Modification:
    m_TransformParent: {fileID: 6590569461023085300}
    m_Modifications:
    - target: {fileID: 3338452292089221465, guid: 0f8526ea716a1b5428bacab850a7c971,
        type: 3}
      propertyPath: m_textInfo.characterCount
      value: 3
      objectReference: {fileID: 0}
    - target: {fileID: 3338452292089221465, guid: 0f8526ea716a1b5428bacab850a7c971,
        type: 3}
      propertyPath: m_textInfo.spaceCount
      value: 0
      objectReference: {fileID: 0}
    - target: {fileID: 3338452292089221465, guid: 0f8526ea716a1b5428bacab850a7c971,
        type: 3}
      propertyPath: m_textInfo.wordCount
      value: 1
      objectReference: {fileID: 0}
    - target: {fileID: 3338452292089221465, guid: 0f8526ea716a1b5428bacab850a7c971,
        type: 3}
      propertyPath: m_textInfo.lineCount
      value: 1
      objectReference: {fileID: 0}
    - target: {fileID: 3338452292089221465, guid: 0f8526ea716a1b5428bacab850a7c971,
        type: 3}
      propertyPath: m_textInfo.pageCount
      value: 1
      objectReference: {fileID: 0}
    - target: {fileID: 8417750109373978752, guid: 0f8526ea716a1b5428bacab850a7c971,
        type: 3}
      propertyPath: m_IsTrigger
      value: 0
      objectReference: {fileID: 0}
    - target: {fileID: 8417750109373978752, guid: 0f8526ea716a1b5428bacab850a7c971,
        type: 3}
      propertyPath: m_Material
      value: 
      objectReference: {fileID: 13400000, guid: 367f72bf4b721194f81765a3856bf720,
        type: 2}
    - target: {fileID: 8417750109373978755, guid: 0f8526ea716a1b5428bacab850a7c971,
        type: 3}
      propertyPath: m_LocalPosition.x
      value: 4.375
      objectReference: {fileID: 0}
    - target: {fileID: 8417750109373978755, guid: 0f8526ea716a1b5428bacab850a7c971,
        type: 3}
      propertyPath: m_LocalPosition.y
      value: 0
      objectReference: {fileID: 0}
    - target: {fileID: 8417750109373978755, guid: 0f8526ea716a1b5428bacab850a7c971,
        type: 3}
      propertyPath: m_LocalPosition.z
      value: 0
      objectReference: {fileID: 0}
    - target: {fileID: 8417750109373978755, guid: 0f8526ea716a1b5428bacab850a7c971,
        type: 3}
      propertyPath: m_LocalRotation.x
      value: -0
      objectReference: {fileID: 0}
    - target: {fileID: 8417750109373978755, guid: 0f8526ea716a1b5428bacab850a7c971,
        type: 3}
      propertyPath: m_LocalRotation.y
      value: -0
      objectReference: {fileID: 0}
    - target: {fileID: 8417750109373978755, guid: 0f8526ea716a1b5428bacab850a7c971,
        type: 3}
      propertyPath: m_LocalRotation.z
      value: -0
      objectReference: {fileID: 0}
    - target: {fileID: 8417750109373978755, guid: 0f8526ea716a1b5428bacab850a7c971,
        type: 3}
      propertyPath: m_LocalRotation.w
      value: 1
      objectReference: {fileID: 0}
    - target: {fileID: 8417750109373978755, guid: 0f8526ea716a1b5428bacab850a7c971,
        type: 3}
      propertyPath: m_RootOrder
      value: 3
      objectReference: {fileID: 0}
    - target: {fileID: 8417750109373978755, guid: 0f8526ea716a1b5428bacab850a7c971,
        type: 3}
      propertyPath: m_LocalEulerAnglesHint.x
      value: 0
      objectReference: {fileID: 0}
    - target: {fileID: 8417750109373978755, guid: 0f8526ea716a1b5428bacab850a7c971,
        type: 3}
      propertyPath: m_LocalEulerAnglesHint.y
      value: 0
      objectReference: {fileID: 0}
    - target: {fileID: 8417750109373978755, guid: 0f8526ea716a1b5428bacab850a7c971,
        type: 3}
      propertyPath: m_LocalEulerAnglesHint.z
      value: 0
      objectReference: {fileID: 0}
    - target: {fileID: 8417750109373978755, guid: 0f8526ea716a1b5428bacab850a7c971,
        type: 3}
      propertyPath: m_LocalScale.x
      value: 1
      objectReference: {fileID: 0}
    - target: {fileID: 8417750109373978755, guid: 0f8526ea716a1b5428bacab850a7c971,
        type: 3}
      propertyPath: m_LocalScale.y
      value: 1
      objectReference: {fileID: 0}
    - target: {fileID: 8417750109373978755, guid: 0f8526ea716a1b5428bacab850a7c971,
        type: 3}
      propertyPath: m_LocalScale.z
      value: 1
      objectReference: {fileID: 0}
    - target: {fileID: 8417750109373978766, guid: 0f8526ea716a1b5428bacab850a7c971,
        type: 3}
      propertyPath: m_Name
      value: 2KG Weight (3)
      objectReference: {fileID: 0}
    - target: {fileID: 8417750109373978766, guid: 0f8526ea716a1b5428bacab850a7c971,
        type: 3}
      propertyPath: m_TagString
      value: 2KG
      objectReference: {fileID: 0}
    - target: {fileID: 8417750109373978766, guid: 0f8526ea716a1b5428bacab850a7c971,
        type: 3}
      propertyPath: m_IsActive
      value: 1
      objectReference: {fileID: 0}
    - target: {fileID: 8417750109373978767, guid: 0f8526ea716a1b5428bacab850a7c971,
        type: 3}
      propertyPath: m_UseGravity
      value: 1
      objectReference: {fileID: 0}
    - target: {fileID: 8417750109373978767, guid: 0f8526ea716a1b5428bacab850a7c971,
        type: 3}
      propertyPath: m_Constraints
      value: 0
      objectReference: {fileID: 0}
    m_RemovedComponents: []
  m_SourcePrefab: {fileID: 100100000, guid: 0f8526ea716a1b5428bacab850a7c971, type: 3}
--- !u!4 &3433910198204232501 stripped
Transform:
  m_CorrespondingSourceObject: {fileID: 8417750109373978755, guid: 0f8526ea716a1b5428bacab850a7c971,
    type: 3}
  m_PrefabInstance: {fileID: 6590569461020896182}
  m_PrefabAsset: {fileID: 0}
--- !u!1001 &6590569461223328353
PrefabInstance:
  m_ObjectHideFlags: 0
  serializedVersion: 2
  m_Modification:
    m_TransformParent: {fileID: 6590569461023085300}
    m_Modifications:
    - target: {fileID: 481354760050784414, guid: a69db08cb3cc4d94493d403310aa47cd,
        type: 3}
      propertyPath: m_textInfo.characterCount
      value: 3
      objectReference: {fileID: 0}
    - target: {fileID: 481354760050784414, guid: a69db08cb3cc4d94493d403310aa47cd,
        type: 3}
      propertyPath: m_textInfo.spaceCount
      value: 0
      objectReference: {fileID: 0}
    - target: {fileID: 481354760050784414, guid: a69db08cb3cc4d94493d403310aa47cd,
        type: 3}
      propertyPath: m_textInfo.wordCount
      value: 1
      objectReference: {fileID: 0}
    - target: {fileID: 481354760050784414, guid: a69db08cb3cc4d94493d403310aa47cd,
        type: 3}
      propertyPath: m_textInfo.lineCount
      value: 1
      objectReference: {fileID: 0}
    - target: {fileID: 481354760050784414, guid: a69db08cb3cc4d94493d403310aa47cd,
        type: 3}
      propertyPath: m_textInfo.pageCount
      value: 1
      objectReference: {fileID: 0}
    - target: {fileID: 6641496708505792836, guid: a69db08cb3cc4d94493d403310aa47cd,
        type: 3}
      propertyPath: m_LocalPosition.x
      value: 5.58
      objectReference: {fileID: 0}
    - target: {fileID: 6641496708505792836, guid: a69db08cb3cc4d94493d403310aa47cd,
        type: 3}
      propertyPath: m_LocalPosition.y
      value: 0
      objectReference: {fileID: 0}
    - target: {fileID: 6641496708505792836, guid: a69db08cb3cc4d94493d403310aa47cd,
        type: 3}
      propertyPath: m_LocalPosition.z
      value: 0
      objectReference: {fileID: 0}
    - target: {fileID: 6641496708505792836, guid: a69db08cb3cc4d94493d403310aa47cd,
        type: 3}
      propertyPath: m_LocalRotation.x
      value: -0
      objectReference: {fileID: 0}
    - target: {fileID: 6641496708505792836, guid: a69db08cb3cc4d94493d403310aa47cd,
        type: 3}
      propertyPath: m_LocalRotation.y
      value: -0
      objectReference: {fileID: 0}
    - target: {fileID: 6641496708505792836, guid: a69db08cb3cc4d94493d403310aa47cd,
        type: 3}
      propertyPath: m_LocalRotation.z
      value: -0
      objectReference: {fileID: 0}
    - target: {fileID: 6641496708505792836, guid: a69db08cb3cc4d94493d403310aa47cd,
        type: 3}
      propertyPath: m_LocalRotation.w
      value: 1
      objectReference: {fileID: 0}
    - target: {fileID: 6641496708505792836, guid: a69db08cb3cc4d94493d403310aa47cd,
        type: 3}
      propertyPath: m_RootOrder
      value: 6
      objectReference: {fileID: 0}
    - target: {fileID: 6641496708505792836, guid: a69db08cb3cc4d94493d403310aa47cd,
        type: 3}
      propertyPath: m_LocalEulerAnglesHint.x
      value: 0
      objectReference: {fileID: 0}
    - target: {fileID: 6641496708505792836, guid: a69db08cb3cc4d94493d403310aa47cd,
        type: 3}
      propertyPath: m_LocalEulerAnglesHint.y
      value: 0
      objectReference: {fileID: 0}
    - target: {fileID: 6641496708505792836, guid: a69db08cb3cc4d94493d403310aa47cd,
        type: 3}
      propertyPath: m_LocalEulerAnglesHint.z
      value: 0
      objectReference: {fileID: 0}
    - target: {fileID: 6641496708505792836, guid: a69db08cb3cc4d94493d403310aa47cd,
        type: 3}
      propertyPath: m_LocalScale.x
      value: 0.75
      objectReference: {fileID: 0}
    - target: {fileID: 6641496708505792836, guid: a69db08cb3cc4d94493d403310aa47cd,
        type: 3}
      propertyPath: m_LocalScale.y
      value: 0.75
      objectReference: {fileID: 0}
    - target: {fileID: 6641496708505792836, guid: a69db08cb3cc4d94493d403310aa47cd,
        type: 3}
      propertyPath: m_LocalScale.z
      value: 0.75
      objectReference: {fileID: 0}
    - target: {fileID: 6641496708505792839, guid: a69db08cb3cc4d94493d403310aa47cd,
        type: 3}
      propertyPath: m_IsTrigger
      value: 0
      objectReference: {fileID: 0}
    - target: {fileID: 6641496708505792839, guid: a69db08cb3cc4d94493d403310aa47cd,
        type: 3}
      propertyPath: m_Material
      value: 
      objectReference: {fileID: 13400000, guid: 367f72bf4b721194f81765a3856bf720,
        type: 2}
    - target: {fileID: 6641496708505792840, guid: a69db08cb3cc4d94493d403310aa47cd,
        type: 3}
      propertyPath: m_UseGravity
      value: 1
      objectReference: {fileID: 0}
    - target: {fileID: 6641496708505792840, guid: a69db08cb3cc4d94493d403310aa47cd,
        type: 3}
      propertyPath: m_Constraints
      value: 0
      objectReference: {fileID: 0}
    - target: {fileID: 6641496708505792841, guid: a69db08cb3cc4d94493d403310aa47cd,
        type: 3}
      propertyPath: m_Name
      value: 1KG Weight (2)
      objectReference: {fileID: 0}
    - target: {fileID: 6641496708505792841, guid: a69db08cb3cc4d94493d403310aa47cd,
        type: 3}
      propertyPath: m_TagString
      value: 1KG
      objectReference: {fileID: 0}
    - target: {fileID: 6641496708505792841, guid: a69db08cb3cc4d94493d403310aa47cd,
        type: 3}
      propertyPath: m_IsActive
      value: 1
      objectReference: {fileID: 0}
    m_RemovedComponents:
    - {fileID: 3227383293923496375, guid: a69db08cb3cc4d94493d403310aa47cd, type: 3}
  m_SourcePrefab: {fileID: 100100000, guid: a69db08cb3cc4d94493d403310aa47cd, type: 3}
--- !u!1 &530648572839394088 stripped
GameObject:
  m_CorrespondingSourceObject: {fileID: 6641496708505792841, guid: a69db08cb3cc4d94493d403310aa47cd,
    type: 3}
  m_PrefabInstance: {fileID: 6590569461223328353}
  m_PrefabAsset: {fileID: 0}
--- !u!4 &530648572839394085 stripped
Transform:
  m_CorrespondingSourceObject: {fileID: 6641496708505792836, guid: a69db08cb3cc4d94493d403310aa47cd,
    type: 3}
  m_PrefabInstance: {fileID: 6590569461223328353}
  m_PrefabAsset: {fileID: 0}
--- !u!65 &530648572839394086 stripped
BoxCollider:
  m_CorrespondingSourceObject: {fileID: 6641496708505792839, guid: a69db08cb3cc4d94493d403310aa47cd,
    type: 3}
  m_PrefabInstance: {fileID: 6590569461223328353}
  m_PrefabAsset: {fileID: 0}
--- !u!1001 &6590569461410026022
PrefabInstance:
  m_ObjectHideFlags: 0
  serializedVersion: 2
  m_Modification:
    m_TransformParent: {fileID: 6590569461023085300}
    m_Modifications:
    - target: {fileID: 481354760050784414, guid: a69db08cb3cc4d94493d403310aa47cd,
        type: 3}
      propertyPath: m_textInfo.characterCount
      value: 3
      objectReference: {fileID: 0}
    - target: {fileID: 481354760050784414, guid: a69db08cb3cc4d94493d403310aa47cd,
        type: 3}
      propertyPath: m_textInfo.spaceCount
      value: 0
      objectReference: {fileID: 0}
    - target: {fileID: 481354760050784414, guid: a69db08cb3cc4d94493d403310aa47cd,
        type: 3}
      propertyPath: m_textInfo.wordCount
      value: 1
      objectReference: {fileID: 0}
    - target: {fileID: 481354760050784414, guid: a69db08cb3cc4d94493d403310aa47cd,
        type: 3}
      propertyPath: m_textInfo.lineCount
      value: 1
      objectReference: {fileID: 0}
    - target: {fileID: 481354760050784414, guid: a69db08cb3cc4d94493d403310aa47cd,
        type: 3}
      propertyPath: m_textInfo.pageCount
      value: 1
      objectReference: {fileID: 0}
    - target: {fileID: 6641496708505792836, guid: a69db08cb3cc4d94493d403310aa47cd,
        type: 3}
      propertyPath: m_LocalPosition.x
      value: 6.5624995
      objectReference: {fileID: 0}
    - target: {fileID: 6641496708505792836, guid: a69db08cb3cc4d94493d403310aa47cd,
        type: 3}
      propertyPath: m_LocalPosition.y
      value: 0
      objectReference: {fileID: 0}
    - target: {fileID: 6641496708505792836, guid: a69db08cb3cc4d94493d403310aa47cd,
        type: 3}
      propertyPath: m_LocalPosition.z
      value: 0
      objectReference: {fileID: 0}
    - target: {fileID: 6641496708505792836, guid: a69db08cb3cc4d94493d403310aa47cd,
        type: 3}
      propertyPath: m_LocalRotation.x
      value: -0
      objectReference: {fileID: 0}
    - target: {fileID: 6641496708505792836, guid: a69db08cb3cc4d94493d403310aa47cd,
        type: 3}
      propertyPath: m_LocalRotation.y
      value: -0
      objectReference: {fileID: 0}
    - target: {fileID: 6641496708505792836, guid: a69db08cb3cc4d94493d403310aa47cd,
        type: 3}
      propertyPath: m_LocalRotation.z
      value: -0
      objectReference: {fileID: 0}
    - target: {fileID: 6641496708505792836, guid: a69db08cb3cc4d94493d403310aa47cd,
        type: 3}
      propertyPath: m_LocalRotation.w
      value: 1
      objectReference: {fileID: 0}
    - target: {fileID: 6641496708505792836, guid: a69db08cb3cc4d94493d403310aa47cd,
        type: 3}
      propertyPath: m_RootOrder
      value: 7
      objectReference: {fileID: 0}
    - target: {fileID: 6641496708505792836, guid: a69db08cb3cc4d94493d403310aa47cd,
        type: 3}
      propertyPath: m_LocalEulerAnglesHint.x
      value: 0
      objectReference: {fileID: 0}
    - target: {fileID: 6641496708505792836, guid: a69db08cb3cc4d94493d403310aa47cd,
        type: 3}
      propertyPath: m_LocalEulerAnglesHint.y
      value: 0
      objectReference: {fileID: 0}
    - target: {fileID: 6641496708505792836, guid: a69db08cb3cc4d94493d403310aa47cd,
        type: 3}
      propertyPath: m_LocalEulerAnglesHint.z
      value: 0
      objectReference: {fileID: 0}
    - target: {fileID: 6641496708505792836, guid: a69db08cb3cc4d94493d403310aa47cd,
        type: 3}
      propertyPath: m_LocalScale.x
      value: 0.75
      objectReference: {fileID: 0}
    - target: {fileID: 6641496708505792836, guid: a69db08cb3cc4d94493d403310aa47cd,
        type: 3}
      propertyPath: m_LocalScale.y
      value: 0.75
      objectReference: {fileID: 0}
    - target: {fileID: 6641496708505792836, guid: a69db08cb3cc4d94493d403310aa47cd,
        type: 3}
      propertyPath: m_LocalScale.z
      value: 0.75
      objectReference: {fileID: 0}
    - target: {fileID: 6641496708505792839, guid: a69db08cb3cc4d94493d403310aa47cd,
        type: 3}
      propertyPath: m_IsTrigger
      value: 0
      objectReference: {fileID: 0}
    - target: {fileID: 6641496708505792839, guid: a69db08cb3cc4d94493d403310aa47cd,
        type: 3}
      propertyPath: m_Material
      value: 
      objectReference: {fileID: 13400000, guid: 367f72bf4b721194f81765a3856bf720,
        type: 2}
    - target: {fileID: 6641496708505792840, guid: a69db08cb3cc4d94493d403310aa47cd,
        type: 3}
      propertyPath: m_UseGravity
      value: 1
      objectReference: {fileID: 0}
    - target: {fileID: 6641496708505792840, guid: a69db08cb3cc4d94493d403310aa47cd,
        type: 3}
      propertyPath: m_Constraints
      value: 0
      objectReference: {fileID: 0}
    - target: {fileID: 6641496708505792841, guid: a69db08cb3cc4d94493d403310aa47cd,
        type: 3}
      propertyPath: m_Name
      value: 1KG Weight (3)
      objectReference: {fileID: 0}
    - target: {fileID: 6641496708505792841, guid: a69db08cb3cc4d94493d403310aa47cd,
        type: 3}
      propertyPath: m_TagString
      value: 1KG
      objectReference: {fileID: 0}
    - target: {fileID: 6641496708505792841, guid: a69db08cb3cc4d94493d403310aa47cd,
        type: 3}
      propertyPath: m_IsActive
      value: 1
      objectReference: {fileID: 0}
    m_RemovedComponents: []
  m_SourcePrefab: {fileID: 100100000, guid: a69db08cb3cc4d94493d403310aa47cd, type: 3}
--- !u!4 &530648572921127778 stripped
Transform:
  m_CorrespondingSourceObject: {fileID: 6641496708505792836, guid: a69db08cb3cc4d94493d403310aa47cd,
    type: 3}
  m_PrefabInstance: {fileID: 6590569461410026022}
  m_PrefabAsset: {fileID: 0}
--- !u!1001 &6590569461552660010
PrefabInstance:
  m_ObjectHideFlags: 0
  serializedVersion: 2
  m_Modification:
    m_TransformParent: {fileID: 6590569461023085300}
    m_Modifications:
    - target: {fileID: 3338452292089221465, guid: 0f8526ea716a1b5428bacab850a7c971,
        type: 3}
      propertyPath: m_textInfo.characterCount
      value: 3
      objectReference: {fileID: 0}
    - target: {fileID: 3338452292089221465, guid: 0f8526ea716a1b5428bacab850a7c971,
        type: 3}
      propertyPath: m_textInfo.wordCount
      value: 1
      objectReference: {fileID: 0}
    - target: {fileID: 3338452292089221465, guid: 0f8526ea716a1b5428bacab850a7c971,
        type: 3}
      propertyPath: m_textInfo.lineCount
      value: 1
      objectReference: {fileID: 0}
    - target: {fileID: 3338452292089221465, guid: 0f8526ea716a1b5428bacab850a7c971,
        type: 3}
      propertyPath: m_textInfo.pageCount
      value: 1
      objectReference: {fileID: 0}
    - target: {fileID: 8417750109373978752, guid: 0f8526ea716a1b5428bacab850a7c971,
        type: 3}
      propertyPath: m_IsTrigger
      value: 0
      objectReference: {fileID: 0}
    - target: {fileID: 8417750109373978752, guid: 0f8526ea716a1b5428bacab850a7c971,
        type: 3}
      propertyPath: m_Size.x
      value: 1
      objectReference: {fileID: 0}
    - target: {fileID: 8417750109373978752, guid: 0f8526ea716a1b5428bacab850a7c971,
        type: 3}
      propertyPath: m_Size.y
      value: 1
      objectReference: {fileID: 0}
    - target: {fileID: 8417750109373978752, guid: 0f8526ea716a1b5428bacab850a7c971,
        type: 3}
      propertyPath: m_Size.z
      value: 1
      objectReference: {fileID: 0}
    - target: {fileID: 8417750109373978752, guid: 0f8526ea716a1b5428bacab850a7c971,
        type: 3}
      propertyPath: m_Material
      value: 
      objectReference: {fileID: 13400000, guid: 367f72bf4b721194f81765a3856bf720,
        type: 2}
    - target: {fileID: 8417750109373978755, guid: 0f8526ea716a1b5428bacab850a7c971,
        type: 3}
      propertyPath: m_LocalPosition.x
      value: -3.125
      objectReference: {fileID: 0}
    - target: {fileID: 8417750109373978755, guid: 0f8526ea716a1b5428bacab850a7c971,
        type: 3}
      propertyPath: m_LocalPosition.y
      value: 0
      objectReference: {fileID: 0}
    - target: {fileID: 8417750109373978755, guid: 0f8526ea716a1b5428bacab850a7c971,
        type: 3}
      propertyPath: m_LocalPosition.z
      value: 0
      objectReference: {fileID: 0}
    - target: {fileID: 8417750109373978755, guid: 0f8526ea716a1b5428bacab850a7c971,
        type: 3}
      propertyPath: m_LocalRotation.x
      value: -0
      objectReference: {fileID: 0}
    - target: {fileID: 8417750109373978755, guid: 0f8526ea716a1b5428bacab850a7c971,
        type: 3}
      propertyPath: m_LocalRotation.y
      value: -0
      objectReference: {fileID: 0}
    - target: {fileID: 8417750109373978755, guid: 0f8526ea716a1b5428bacab850a7c971,
        type: 3}
      propertyPath: m_LocalRotation.z
      value: -0
      objectReference: {fileID: 0}
    - target: {fileID: 8417750109373978755, guid: 0f8526ea716a1b5428bacab850a7c971,
        type: 3}
      propertyPath: m_LocalRotation.w
      value: 1
      objectReference: {fileID: 0}
    - target: {fileID: 8417750109373978755, guid: 0f8526ea716a1b5428bacab850a7c971,
        type: 3}
      propertyPath: m_RootOrder
      value: 0
      objectReference: {fileID: 0}
    - target: {fileID: 8417750109373978755, guid: 0f8526ea716a1b5428bacab850a7c971,
        type: 3}
      propertyPath: m_LocalEulerAnglesHint.x
      value: 0
      objectReference: {fileID: 0}
    - target: {fileID: 8417750109373978755, guid: 0f8526ea716a1b5428bacab850a7c971,
        type: 3}
      propertyPath: m_LocalEulerAnglesHint.y
      value: 0
      objectReference: {fileID: 0}
    - target: {fileID: 8417750109373978755, guid: 0f8526ea716a1b5428bacab850a7c971,
        type: 3}
      propertyPath: m_LocalEulerAnglesHint.z
      value: 0
      objectReference: {fileID: 0}
    - target: {fileID: 8417750109373978755, guid: 0f8526ea716a1b5428bacab850a7c971,
        type: 3}
      propertyPath: m_LocalScale.x
      value: 1
      objectReference: {fileID: 0}
    - target: {fileID: 8417750109373978755, guid: 0f8526ea716a1b5428bacab850a7c971,
        type: 3}
      propertyPath: m_LocalScale.y
      value: 1
      objectReference: {fileID: 0}
    - target: {fileID: 8417750109373978755, guid: 0f8526ea716a1b5428bacab850a7c971,
        type: 3}
      propertyPath: m_LocalScale.z
      value: 1
      objectReference: {fileID: 0}
    - target: {fileID: 8417750109373978766, guid: 0f8526ea716a1b5428bacab850a7c971,
        type: 3}
      propertyPath: m_Name
      value: 2KG Weight
      objectReference: {fileID: 0}
    - target: {fileID: 8417750109373978766, guid: 0f8526ea716a1b5428bacab850a7c971,
        type: 3}
      propertyPath: m_TagString
      value: 2KG
      objectReference: {fileID: 0}
    - target: {fileID: 8417750109373978766, guid: 0f8526ea716a1b5428bacab850a7c971,
        type: 3}
      propertyPath: m_IsActive
      value: 1
      objectReference: {fileID: 0}
    - target: {fileID: 8417750109373978767, guid: 0f8526ea716a1b5428bacab850a7c971,
        type: 3}
      propertyPath: m_UseGravity
      value: 1
      objectReference: {fileID: 0}
    - target: {fileID: 8417750109373978767, guid: 0f8526ea716a1b5428bacab850a7c971,
        type: 3}
      propertyPath: m_Constraints
      value: 0
      objectReference: {fileID: 0}
    m_RemovedComponents: []
  m_SourcePrefab: {fileID: 100100000, guid: 0f8526ea716a1b5428bacab850a7c971, type: 3}
--- !u!4 &3433910198738085545 stripped
Transform:
  m_CorrespondingSourceObject: {fileID: 8417750109373978755, guid: 0f8526ea716a1b5428bacab850a7c971,
    type: 3}
  m_PrefabInstance: {fileID: 6590569461552660010}
  m_PrefabAsset: {fileID: 0}
--- !u!1001 &6590569461657845403
PrefabInstance:
  m_ObjectHideFlags: 0
  serializedVersion: 2
  m_Modification:
    m_TransformParent: {fileID: 6590569461023085300}
    m_Modifications:
    - target: {fileID: 3338452292089221465, guid: 0f8526ea716a1b5428bacab850a7c971,
        type: 3}
      propertyPath: m_textInfo.characterCount
      value: 3
      objectReference: {fileID: 0}
    - target: {fileID: 3338452292089221465, guid: 0f8526ea716a1b5428bacab850a7c971,
        type: 3}
      propertyPath: m_textInfo.spaceCount
      value: 0
      objectReference: {fileID: 0}
    - target: {fileID: 3338452292089221465, guid: 0f8526ea716a1b5428bacab850a7c971,
        type: 3}
      propertyPath: m_textInfo.wordCount
      value: 1
      objectReference: {fileID: 0}
    - target: {fileID: 3338452292089221465, guid: 0f8526ea716a1b5428bacab850a7c971,
        type: 3}
      propertyPath: m_textInfo.lineCount
      value: 1
      objectReference: {fileID: 0}
    - target: {fileID: 3338452292089221465, guid: 0f8526ea716a1b5428bacab850a7c971,
        type: 3}
      propertyPath: m_textInfo.pageCount
      value: 1
      objectReference: {fileID: 0}
    - target: {fileID: 8417750109373978752, guid: 0f8526ea716a1b5428bacab850a7c971,
        type: 3}
      propertyPath: m_IsTrigger
      value: 0
      objectReference: {fileID: 0}
    - target: {fileID: 8417750109373978752, guid: 0f8526ea716a1b5428bacab850a7c971,
        type: 3}
      propertyPath: m_Material
      value: 
      objectReference: {fileID: 13400000, guid: 367f72bf4b721194f81765a3856bf720,
        type: 2}
    - target: {fileID: 8417750109373978755, guid: 0f8526ea716a1b5428bacab850a7c971,
        type: 3}
      propertyPath: m_LocalPosition.x
      value: 3.15
      objectReference: {fileID: 0}
    - target: {fileID: 8417750109373978755, guid: 0f8526ea716a1b5428bacab850a7c971,
        type: 3}
      propertyPath: m_LocalPosition.y
      value: 0
      objectReference: {fileID: 0}
    - target: {fileID: 8417750109373978755, guid: 0f8526ea716a1b5428bacab850a7c971,
        type: 3}
      propertyPath: m_LocalPosition.z
      value: 0
      objectReference: {fileID: 0}
    - target: {fileID: 8417750109373978755, guid: 0f8526ea716a1b5428bacab850a7c971,
        type: 3}
      propertyPath: m_LocalRotation.x
      value: -0
      objectReference: {fileID: 0}
    - target: {fileID: 8417750109373978755, guid: 0f8526ea716a1b5428bacab850a7c971,
        type: 3}
      propertyPath: m_LocalRotation.y
      value: -0
      objectReference: {fileID: 0}
    - target: {fileID: 8417750109373978755, guid: 0f8526ea716a1b5428bacab850a7c971,
        type: 3}
      propertyPath: m_LocalRotation.z
      value: -0
      objectReference: {fileID: 0}
    - target: {fileID: 8417750109373978755, guid: 0f8526ea716a1b5428bacab850a7c971,
        type: 3}
      propertyPath: m_LocalRotation.w
      value: 1
      objectReference: {fileID: 0}
    - target: {fileID: 8417750109373978755, guid: 0f8526ea716a1b5428bacab850a7c971,
        type: 3}
      propertyPath: m_RootOrder
      value: 2
      objectReference: {fileID: 0}
    - target: {fileID: 8417750109373978755, guid: 0f8526ea716a1b5428bacab850a7c971,
        type: 3}
      propertyPath: m_LocalEulerAnglesHint.x
      value: 0
      objectReference: {fileID: 0}
    - target: {fileID: 8417750109373978755, guid: 0f8526ea716a1b5428bacab850a7c971,
        type: 3}
      propertyPath: m_LocalEulerAnglesHint.y
      value: 0
      objectReference: {fileID: 0}
    - target: {fileID: 8417750109373978755, guid: 0f8526ea716a1b5428bacab850a7c971,
        type: 3}
      propertyPath: m_LocalEulerAnglesHint.z
      value: 0
      objectReference: {fileID: 0}
    - target: {fileID: 8417750109373978755, guid: 0f8526ea716a1b5428bacab850a7c971,
        type: 3}
      propertyPath: m_LocalScale.x
      value: 1
      objectReference: {fileID: 0}
    - target: {fileID: 8417750109373978755, guid: 0f8526ea716a1b5428bacab850a7c971,
        type: 3}
      propertyPath: m_LocalScale.y
      value: 1
      objectReference: {fileID: 0}
    - target: {fileID: 8417750109373978755, guid: 0f8526ea716a1b5428bacab850a7c971,
        type: 3}
      propertyPath: m_LocalScale.z
      value: 1
      objectReference: {fileID: 0}
    - target: {fileID: 8417750109373978766, guid: 0f8526ea716a1b5428bacab850a7c971,
        type: 3}
      propertyPath: m_Name
      value: 2KG Weight (2)
      objectReference: {fileID: 0}
    - target: {fileID: 8417750109373978766, guid: 0f8526ea716a1b5428bacab850a7c971,
        type: 3}
      propertyPath: m_TagString
      value: 2KG
      objectReference: {fileID: 0}
    - target: {fileID: 8417750109373978766, guid: 0f8526ea716a1b5428bacab850a7c971,
        type: 3}
      propertyPath: m_IsActive
      value: 1
      objectReference: {fileID: 0}
    - target: {fileID: 8417750109373978767, guid: 0f8526ea716a1b5428bacab850a7c971,
        type: 3}
      propertyPath: m_UseGravity
      value: 1
      objectReference: {fileID: 0}
    - target: {fileID: 8417750109373978767, guid: 0f8526ea716a1b5428bacab850a7c971,
        type: 3}
      propertyPath: m_IsKinematic
      value: 0
      objectReference: {fileID: 0}
    - target: {fileID: 8417750109373978767, guid: 0f8526ea716a1b5428bacab850a7c971,
        type: 3}
      propertyPath: m_Constraints
      value: 0
      objectReference: {fileID: 0}
    m_RemovedComponents:
    - {fileID: 4234125659619542975, guid: 0f8526ea716a1b5428bacab850a7c971, type: 3}
  m_SourcePrefab: {fileID: 100100000, guid: 0f8526ea716a1b5428bacab850a7c971, type: 3}
--- !u!1 &3433910198842615317 stripped
GameObject:
  m_CorrespondingSourceObject: {fileID: 8417750109373978766, guid: 0f8526ea716a1b5428bacab850a7c971,
    type: 3}
  m_PrefabInstance: {fileID: 6590569461657845403}
  m_PrefabAsset: {fileID: 0}
--- !u!4 &3433910198842615320 stripped
Transform:
  m_CorrespondingSourceObject: {fileID: 8417750109373978755, guid: 0f8526ea716a1b5428bacab850a7c971,
    type: 3}
  m_PrefabInstance: {fileID: 6590569461657845403}
  m_PrefabAsset: {fileID: 0}
--- !u!65 &3433910198842615323 stripped
BoxCollider:
  m_CorrespondingSourceObject: {fileID: 8417750109373978752, guid: 0f8526ea716a1b5428bacab850a7c971,
    type: 3}
  m_PrefabInstance: {fileID: 6590569461657845403}
  m_PrefabAsset: {fileID: 0}
--- !u!1001 &6590569461706525886
PrefabInstance:
  m_ObjectHideFlags: 0
  serializedVersion: 2
  m_Modification:
    m_TransformParent: {fileID: 6590569461023085300}
    m_Modifications:
    - target: {fileID: 3368821586960348388, guid: ec13592f09fba8244b83d3ab869ed6d9,
        type: 3}
      propertyPath: m_UseGravity
      value: 1
      objectReference: {fileID: 0}
    - target: {fileID: 3368821586960348388, guid: ec13592f09fba8244b83d3ab869ed6d9,
        type: 3}
      propertyPath: m_Constraints
      value: 0
      objectReference: {fileID: 0}
    - target: {fileID: 3368821586960348389, guid: ec13592f09fba8244b83d3ab869ed6d9,
        type: 3}
      propertyPath: m_Name
      value: 500G Weight (1)
      objectReference: {fileID: 0}
    - target: {fileID: 3368821586960348389, guid: ec13592f09fba8244b83d3ab869ed6d9,
        type: 3}
      propertyPath: m_TagString
      value: 500G
      objectReference: {fileID: 0}
    - target: {fileID: 3368821586960348389, guid: ec13592f09fba8244b83d3ab869ed6d9,
        type: 3}
      propertyPath: m_IsActive
      value: 1
      objectReference: {fileID: 0}
    - target: {fileID: 3368821586960348392, guid: ec13592f09fba8244b83d3ab869ed6d9,
        type: 3}
      propertyPath: m_LocalPosition.x
      value: -8.28125
      objectReference: {fileID: 0}
    - target: {fileID: 3368821586960348392, guid: ec13592f09fba8244b83d3ab869ed6d9,
        type: 3}
      propertyPath: m_LocalPosition.y
      value: 0
      objectReference: {fileID: 0}
    - target: {fileID: 3368821586960348392, guid: ec13592f09fba8244b83d3ab869ed6d9,
        type: 3}
      propertyPath: m_LocalPosition.z
      value: 0
      objectReference: {fileID: 0}
    - target: {fileID: 3368821586960348392, guid: ec13592f09fba8244b83d3ab869ed6d9,
        type: 3}
      propertyPath: m_LocalRotation.x
      value: -0
      objectReference: {fileID: 0}
    - target: {fileID: 3368821586960348392, guid: ec13592f09fba8244b83d3ab869ed6d9,
        type: 3}
      propertyPath: m_LocalRotation.y
      value: -0
      objectReference: {fileID: 0}
    - target: {fileID: 3368821586960348392, guid: ec13592f09fba8244b83d3ab869ed6d9,
        type: 3}
      propertyPath: m_LocalRotation.z
      value: -0
      objectReference: {fileID: 0}
    - target: {fileID: 3368821586960348392, guid: ec13592f09fba8244b83d3ab869ed6d9,
        type: 3}
      propertyPath: m_LocalRotation.w
      value: 1
      objectReference: {fileID: 0}
    - target: {fileID: 3368821586960348392, guid: ec13592f09fba8244b83d3ab869ed6d9,
        type: 3}
      propertyPath: m_RootOrder
      value: 9
      objectReference: {fileID: 0}
    - target: {fileID: 3368821586960348392, guid: ec13592f09fba8244b83d3ab869ed6d9,
        type: 3}
      propertyPath: m_LocalEulerAnglesHint.x
      value: 0
      objectReference: {fileID: 0}
    - target: {fileID: 3368821586960348392, guid: ec13592f09fba8244b83d3ab869ed6d9,
        type: 3}
      propertyPath: m_LocalEulerAnglesHint.y
      value: 0
      objectReference: {fileID: 0}
    - target: {fileID: 3368821586960348392, guid: ec13592f09fba8244b83d3ab869ed6d9,
        type: 3}
      propertyPath: m_LocalEulerAnglesHint.z
      value: 0
      objectReference: {fileID: 0}
    - target: {fileID: 3368821586960348392, guid: ec13592f09fba8244b83d3ab869ed6d9,
        type: 3}
      propertyPath: m_LocalScale.x
      value: 0.5
      objectReference: {fileID: 0}
    - target: {fileID: 3368821586960348392, guid: ec13592f09fba8244b83d3ab869ed6d9,
        type: 3}
      propertyPath: m_LocalScale.y
      value: 0.5
      objectReference: {fileID: 0}
    - target: {fileID: 3368821586960348392, guid: ec13592f09fba8244b83d3ab869ed6d9,
        type: 3}
      propertyPath: m_LocalScale.z
      value: 0.5
      objectReference: {fileID: 0}
    - target: {fileID: 3368821586960348395, guid: ec13592f09fba8244b83d3ab869ed6d9,
        type: 3}
      propertyPath: m_IsTrigger
      value: 0
      objectReference: {fileID: 0}
    - target: {fileID: 3368821586960348395, guid: ec13592f09fba8244b83d3ab869ed6d9,
        type: 3}
      propertyPath: m_Material
      value: 
      objectReference: {fileID: 13400000, guid: 367f72bf4b721194f81765a3856bf720,
        type: 2}
    - target: {fileID: 8378171854906244402, guid: ec13592f09fba8244b83d3ab869ed6d9,
        type: 3}
      propertyPath: m_textInfo.characterCount
      value: 4
      objectReference: {fileID: 0}
    - target: {fileID: 8378171854906244402, guid: ec13592f09fba8244b83d3ab869ed6d9,
        type: 3}
      propertyPath: m_textInfo.wordCount
      value: 1
      objectReference: {fileID: 0}
    - target: {fileID: 8378171854906244402, guid: ec13592f09fba8244b83d3ab869ed6d9,
        type: 3}
      propertyPath: m_textInfo.lineCount
      value: 1
      objectReference: {fileID: 0}
    - target: {fileID: 8378171854906244402, guid: ec13592f09fba8244b83d3ab869ed6d9,
        type: 3}
      propertyPath: m_textInfo.pageCount
      value: 1
      objectReference: {fileID: 0}
    m_RemovedComponents: []
  m_SourcePrefab: {fileID: 100100000, guid: ec13592f09fba8244b83d3ab869ed6d9, type: 3}
--- !u!4 &8481999261972461654 stripped
Transform:
  m_CorrespondingSourceObject: {fileID: 3368821586960348392, guid: ec13592f09fba8244b83d3ab869ed6d9,
    type: 3}
  m_PrefabInstance: {fileID: 6590569461706525886}
  m_PrefabAsset: {fileID: 0}
--- !u!1001 &6590569461800575050
PrefabInstance:
  m_ObjectHideFlags: 0
  serializedVersion: 2
  m_Modification:
    m_TransformParent: {fileID: 6590569461023085300}
    m_Modifications:
    - target: {fileID: 481354760050784414, guid: a69db08cb3cc4d94493d403310aa47cd,
        type: 3}
      propertyPath: m_textInfo.characterCount
      value: 3
      objectReference: {fileID: 0}
    - target: {fileID: 481354760050784414, guid: a69db08cb3cc4d94493d403310aa47cd,
        type: 3}
      propertyPath: m_textInfo.spaceCount
      value: 0
      objectReference: {fileID: 0}
    - target: {fileID: 481354760050784414, guid: a69db08cb3cc4d94493d403310aa47cd,
        type: 3}
      propertyPath: m_textInfo.wordCount
      value: 1
      objectReference: {fileID: 0}
    - target: {fileID: 481354760050784414, guid: a69db08cb3cc4d94493d403310aa47cd,
        type: 3}
      propertyPath: m_textInfo.lineCount
      value: 1
      objectReference: {fileID: 0}
    - target: {fileID: 481354760050784414, guid: a69db08cb3cc4d94493d403310aa47cd,
        type: 3}
      propertyPath: m_textInfo.pageCount
      value: 1
      objectReference: {fileID: 0}
    - target: {fileID: 6641496708505792836, guid: a69db08cb3cc4d94493d403310aa47cd,
        type: 3}
      propertyPath: m_LocalPosition.x
      value: -6.5624995
      objectReference: {fileID: 0}
    - target: {fileID: 6641496708505792836, guid: a69db08cb3cc4d94493d403310aa47cd,
        type: 3}
      propertyPath: m_LocalPosition.y
      value: 0
      objectReference: {fileID: 0}
    - target: {fileID: 6641496708505792836, guid: a69db08cb3cc4d94493d403310aa47cd,
        type: 3}
      propertyPath: m_LocalPosition.z
      value: 0
      objectReference: {fileID: 0}
    - target: {fileID: 6641496708505792836, guid: a69db08cb3cc4d94493d403310aa47cd,
        type: 3}
      propertyPath: m_LocalRotation.x
      value: -0
      objectReference: {fileID: 0}
    - target: {fileID: 6641496708505792836, guid: a69db08cb3cc4d94493d403310aa47cd,
        type: 3}
      propertyPath: m_LocalRotation.y
      value: -0
      objectReference: {fileID: 0}
    - target: {fileID: 6641496708505792836, guid: a69db08cb3cc4d94493d403310aa47cd,
        type: 3}
      propertyPath: m_LocalRotation.z
      value: -0
      objectReference: {fileID: 0}
    - target: {fileID: 6641496708505792836, guid: a69db08cb3cc4d94493d403310aa47cd,
        type: 3}
      propertyPath: m_LocalRotation.w
      value: 1
      objectReference: {fileID: 0}
    - target: {fileID: 6641496708505792836, guid: a69db08cb3cc4d94493d403310aa47cd,
        type: 3}
      propertyPath: m_RootOrder
      value: 5
      objectReference: {fileID: 0}
    - target: {fileID: 6641496708505792836, guid: a69db08cb3cc4d94493d403310aa47cd,
        type: 3}
      propertyPath: m_LocalEulerAnglesHint.x
      value: 0
      objectReference: {fileID: 0}
    - target: {fileID: 6641496708505792836, guid: a69db08cb3cc4d94493d403310aa47cd,
        type: 3}
      propertyPath: m_LocalEulerAnglesHint.y
      value: 0
      objectReference: {fileID: 0}
    - target: {fileID: 6641496708505792836, guid: a69db08cb3cc4d94493d403310aa47cd,
        type: 3}
      propertyPath: m_LocalEulerAnglesHint.z
      value: 0
      objectReference: {fileID: 0}
    - target: {fileID: 6641496708505792836, guid: a69db08cb3cc4d94493d403310aa47cd,
        type: 3}
      propertyPath: m_LocalScale.x
      value: 0.75
      objectReference: {fileID: 0}
    - target: {fileID: 6641496708505792836, guid: a69db08cb3cc4d94493d403310aa47cd,
        type: 3}
      propertyPath: m_LocalScale.y
      value: 0.75
      objectReference: {fileID: 0}
    - target: {fileID: 6641496708505792836, guid: a69db08cb3cc4d94493d403310aa47cd,
        type: 3}
      propertyPath: m_LocalScale.z
      value: 0.75
      objectReference: {fileID: 0}
    - target: {fileID: 6641496708505792839, guid: a69db08cb3cc4d94493d403310aa47cd,
        type: 3}
      propertyPath: m_IsTrigger
      value: 0
      objectReference: {fileID: 0}
    - target: {fileID: 6641496708505792839, guid: a69db08cb3cc4d94493d403310aa47cd,
        type: 3}
      propertyPath: m_Material
      value: 
      objectReference: {fileID: 13400000, guid: 367f72bf4b721194f81765a3856bf720,
        type: 2}
    - target: {fileID: 6641496708505792840, guid: a69db08cb3cc4d94493d403310aa47cd,
        type: 3}
      propertyPath: m_UseGravity
      value: 1
      objectReference: {fileID: 0}
    - target: {fileID: 6641496708505792840, guid: a69db08cb3cc4d94493d403310aa47cd,
        type: 3}
      propertyPath: m_Constraints
      value: 0
      objectReference: {fileID: 0}
    - target: {fileID: 6641496708505792841, guid: a69db08cb3cc4d94493d403310aa47cd,
        type: 3}
      propertyPath: m_Name
      value: 1KG Weight (1)
      objectReference: {fileID: 0}
    - target: {fileID: 6641496708505792841, guid: a69db08cb3cc4d94493d403310aa47cd,
        type: 3}
      propertyPath: m_TagString
      value: 1KG
      objectReference: {fileID: 0}
    - target: {fileID: 6641496708505792841, guid: a69db08cb3cc4d94493d403310aa47cd,
        type: 3}
      propertyPath: m_IsActive
      value: 1
      objectReference: {fileID: 0}
    m_RemovedComponents: []
  m_SourcePrefab: {fileID: 100100000, guid: a69db08cb3cc4d94493d403310aa47cd, type: 3}
--- !u!4 &530648572245365006 stripped
Transform:
  m_CorrespondingSourceObject: {fileID: 6641496708505792836, guid: a69db08cb3cc4d94493d403310aa47cd,
    type: 3}
  m_PrefabInstance: {fileID: 6590569461800575050}
  m_PrefabAsset: {fileID: 0}
--- !u!1001 &6590569461942813634
PrefabInstance:
  m_ObjectHideFlags: 0
  serializedVersion: 2
  m_Modification:
    m_TransformParent: {fileID: 6590569461023085300}
    m_Modifications:
    - target: {fileID: 3368821586960348388, guid: ec13592f09fba8244b83d3ab869ed6d9,
        type: 3}
      propertyPath: m_UseGravity
      value: 1
      objectReference: {fileID: 0}
    - target: {fileID: 3368821586960348388, guid: ec13592f09fba8244b83d3ab869ed6d9,
        type: 3}
      propertyPath: m_Constraints
      value: 0
      objectReference: {fileID: 0}
    - target: {fileID: 3368821586960348389, guid: ec13592f09fba8244b83d3ab869ed6d9,
        type: 3}
      propertyPath: m_Name
      value: 500G Weight (3)
      objectReference: {fileID: 0}
    - target: {fileID: 3368821586960348389, guid: ec13592f09fba8244b83d3ab869ed6d9,
        type: 3}
      propertyPath: m_TagString
      value: 500G
      objectReference: {fileID: 0}
    - target: {fileID: 3368821586960348389, guid: ec13592f09fba8244b83d3ab869ed6d9,
        type: 3}
      propertyPath: m_IsActive
      value: 1
      objectReference: {fileID: 0}
    - target: {fileID: 3368821586960348392, guid: ec13592f09fba8244b83d3ab869ed6d9,
        type: 3}
      propertyPath: m_LocalPosition.x
      value: 8.28125
      objectReference: {fileID: 0}
    - target: {fileID: 3368821586960348392, guid: ec13592f09fba8244b83d3ab869ed6d9,
        type: 3}
      propertyPath: m_LocalPosition.y
      value: 0
      objectReference: {fileID: 0}
    - target: {fileID: 3368821586960348392, guid: ec13592f09fba8244b83d3ab869ed6d9,
        type: 3}
      propertyPath: m_LocalPosition.z
      value: 0
      objectReference: {fileID: 0}
    - target: {fileID: 3368821586960348392, guid: ec13592f09fba8244b83d3ab869ed6d9,
        type: 3}
      propertyPath: m_LocalRotation.x
      value: -0
      objectReference: {fileID: 0}
    - target: {fileID: 3368821586960348392, guid: ec13592f09fba8244b83d3ab869ed6d9,
        type: 3}
      propertyPath: m_LocalRotation.y
      value: -0
      objectReference: {fileID: 0}
    - target: {fileID: 3368821586960348392, guid: ec13592f09fba8244b83d3ab869ed6d9,
        type: 3}
      propertyPath: m_LocalRotation.z
      value: -0
      objectReference: {fileID: 0}
    - target: {fileID: 3368821586960348392, guid: ec13592f09fba8244b83d3ab869ed6d9,
        type: 3}
      propertyPath: m_LocalRotation.w
      value: 1
      objectReference: {fileID: 0}
    - target: {fileID: 3368821586960348392, guid: ec13592f09fba8244b83d3ab869ed6d9,
        type: 3}
      propertyPath: m_RootOrder
      value: 11
      objectReference: {fileID: 0}
    - target: {fileID: 3368821586960348392, guid: ec13592f09fba8244b83d3ab869ed6d9,
        type: 3}
      propertyPath: m_LocalEulerAnglesHint.x
      value: 0
      objectReference: {fileID: 0}
    - target: {fileID: 3368821586960348392, guid: ec13592f09fba8244b83d3ab869ed6d9,
        type: 3}
      propertyPath: m_LocalEulerAnglesHint.y
      value: 0
      objectReference: {fileID: 0}
    - target: {fileID: 3368821586960348392, guid: ec13592f09fba8244b83d3ab869ed6d9,
        type: 3}
      propertyPath: m_LocalEulerAnglesHint.z
      value: 0
      objectReference: {fileID: 0}
    - target: {fileID: 3368821586960348392, guid: ec13592f09fba8244b83d3ab869ed6d9,
        type: 3}
      propertyPath: m_LocalScale.x
      value: 0.5
      objectReference: {fileID: 0}
    - target: {fileID: 3368821586960348392, guid: ec13592f09fba8244b83d3ab869ed6d9,
        type: 3}
      propertyPath: m_LocalScale.y
      value: 0.5
      objectReference: {fileID: 0}
    - target: {fileID: 3368821586960348392, guid: ec13592f09fba8244b83d3ab869ed6d9,
        type: 3}
      propertyPath: m_LocalScale.z
      value: 0.5
      objectReference: {fileID: 0}
    - target: {fileID: 3368821586960348395, guid: ec13592f09fba8244b83d3ab869ed6d9,
        type: 3}
      propertyPath: m_IsTrigger
      value: 0
      objectReference: {fileID: 0}
    - target: {fileID: 3368821586960348395, guid: ec13592f09fba8244b83d3ab869ed6d9,
        type: 3}
      propertyPath: m_Material
      value: 
      objectReference: {fileID: 13400000, guid: 367f72bf4b721194f81765a3856bf720,
        type: 2}
    - target: {fileID: 8378171854906244402, guid: ec13592f09fba8244b83d3ab869ed6d9,
        type: 3}
      propertyPath: m_textInfo.characterCount
      value: 4
      objectReference: {fileID: 0}
    - target: {fileID: 8378171854906244402, guid: ec13592f09fba8244b83d3ab869ed6d9,
        type: 3}
      propertyPath: m_textInfo.wordCount
      value: 1
      objectReference: {fileID: 0}
    - target: {fileID: 8378171854906244402, guid: ec13592f09fba8244b83d3ab869ed6d9,
        type: 3}
      propertyPath: m_textInfo.lineCount
      value: 1
      objectReference: {fileID: 0}
    - target: {fileID: 8378171854906244402, guid: ec13592f09fba8244b83d3ab869ed6d9,
        type: 3}
      propertyPath: m_textInfo.pageCount
      value: 1
      objectReference: {fileID: 0}
    m_RemovedComponents: []
  m_SourcePrefab: {fileID: 100100000, guid: ec13592f09fba8244b83d3ab869ed6d9, type: 3}
--- !u!4 &8481999262137448234 stripped
Transform:
  m_CorrespondingSourceObject: {fileID: 3368821586960348392, guid: ec13592f09fba8244b83d3ab869ed6d9,
    type: 3}
  m_PrefabInstance: {fileID: 6590569461942813634}
  m_PrefabAsset: {fileID: 0}
--- !u!1001 &6590569462186935379
PrefabInstance:
  m_ObjectHideFlags: 0
  serializedVersion: 2
  m_Modification:
    m_TransformParent: {fileID: 6590569461023085300}
    m_Modifications:
    - target: {fileID: 3338452292089221465, guid: 0f8526ea716a1b5428bacab850a7c971,
        type: 3}
      propertyPath: m_textInfo.characterCount
      value: 3
      objectReference: {fileID: 0}
    - target: {fileID: 3338452292089221465, guid: 0f8526ea716a1b5428bacab850a7c971,
        type: 3}
      propertyPath: m_textInfo.spaceCount
      value: 0
      objectReference: {fileID: 0}
    - target: {fileID: 3338452292089221465, guid: 0f8526ea716a1b5428bacab850a7c971,
        type: 3}
      propertyPath: m_textInfo.wordCount
      value: 1
      objectReference: {fileID: 0}
    - target: {fileID: 3338452292089221465, guid: 0f8526ea716a1b5428bacab850a7c971,
        type: 3}
      propertyPath: m_textInfo.lineCount
      value: 1
      objectReference: {fileID: 0}
    - target: {fileID: 3338452292089221465, guid: 0f8526ea716a1b5428bacab850a7c971,
        type: 3}
      propertyPath: m_textInfo.pageCount
      value: 1
      objectReference: {fileID: 0}
    - target: {fileID: 8417750109373978752, guid: 0f8526ea716a1b5428bacab850a7c971,
        type: 3}
      propertyPath: m_IsTrigger
      value: 0
      objectReference: {fileID: 0}
    - target: {fileID: 8417750109373978752, guid: 0f8526ea716a1b5428bacab850a7c971,
        type: 3}
      propertyPath: m_Material
      value: 
      objectReference: {fileID: 13400000, guid: 367f72bf4b721194f81765a3856bf720,
        type: 2}
    - target: {fileID: 8417750109373978755, guid: 0f8526ea716a1b5428bacab850a7c971,
        type: 3}
      propertyPath: m_LocalPosition.x
      value: -4.375
      objectReference: {fileID: 0}
    - target: {fileID: 8417750109373978755, guid: 0f8526ea716a1b5428bacab850a7c971,
        type: 3}
      propertyPath: m_LocalPosition.y
      value: 0
      objectReference: {fileID: 0}
    - target: {fileID: 8417750109373978755, guid: 0f8526ea716a1b5428bacab850a7c971,
        type: 3}
      propertyPath: m_LocalPosition.z
      value: 0
      objectReference: {fileID: 0}
    - target: {fileID: 8417750109373978755, guid: 0f8526ea716a1b5428bacab850a7c971,
        type: 3}
      propertyPath: m_LocalRotation.x
      value: -0
      objectReference: {fileID: 0}
    - target: {fileID: 8417750109373978755, guid: 0f8526ea716a1b5428bacab850a7c971,
        type: 3}
      propertyPath: m_LocalRotation.y
      value: -0
      objectReference: {fileID: 0}
    - target: {fileID: 8417750109373978755, guid: 0f8526ea716a1b5428bacab850a7c971,
        type: 3}
      propertyPath: m_LocalRotation.z
      value: -0
      objectReference: {fileID: 0}
    - target: {fileID: 8417750109373978755, guid: 0f8526ea716a1b5428bacab850a7c971,
        type: 3}
      propertyPath: m_LocalRotation.w
      value: 1
      objectReference: {fileID: 0}
    - target: {fileID: 8417750109373978755, guid: 0f8526ea716a1b5428bacab850a7c971,
        type: 3}
      propertyPath: m_RootOrder
      value: 1
      objectReference: {fileID: 0}
    - target: {fileID: 8417750109373978755, guid: 0f8526ea716a1b5428bacab850a7c971,
        type: 3}
      propertyPath: m_LocalEulerAnglesHint.x
      value: 0
      objectReference: {fileID: 0}
    - target: {fileID: 8417750109373978755, guid: 0f8526ea716a1b5428bacab850a7c971,
        type: 3}
      propertyPath: m_LocalEulerAnglesHint.y
      value: 0
      objectReference: {fileID: 0}
    - target: {fileID: 8417750109373978755, guid: 0f8526ea716a1b5428bacab850a7c971,
        type: 3}
      propertyPath: m_LocalEulerAnglesHint.z
      value: 0
      objectReference: {fileID: 0}
    - target: {fileID: 8417750109373978755, guid: 0f8526ea716a1b5428bacab850a7c971,
        type: 3}
      propertyPath: m_LocalScale.x
      value: 1
      objectReference: {fileID: 0}
    - target: {fileID: 8417750109373978755, guid: 0f8526ea716a1b5428bacab850a7c971,
        type: 3}
      propertyPath: m_LocalScale.y
      value: 1
      objectReference: {fileID: 0}
    - target: {fileID: 8417750109373978755, guid: 0f8526ea716a1b5428bacab850a7c971,
        type: 3}
      propertyPath: m_LocalScale.z
      value: 1
      objectReference: {fileID: 0}
    - target: {fileID: 8417750109373978766, guid: 0f8526ea716a1b5428bacab850a7c971,
        type: 3}
      propertyPath: m_Name
      value: 2KG Weight (1)
      objectReference: {fileID: 0}
    - target: {fileID: 8417750109373978766, guid: 0f8526ea716a1b5428bacab850a7c971,
        type: 3}
      propertyPath: m_TagString
      value: 2KG
      objectReference: {fileID: 0}
    - target: {fileID: 8417750109373978766, guid: 0f8526ea716a1b5428bacab850a7c971,
        type: 3}
      propertyPath: m_IsActive
      value: 1
      objectReference: {fileID: 0}
    - target: {fileID: 8417750109373978767, guid: 0f8526ea716a1b5428bacab850a7c971,
        type: 3}
      propertyPath: m_UseGravity
      value: 1
      objectReference: {fileID: 0}
    - target: {fileID: 8417750109373978767, guid: 0f8526ea716a1b5428bacab850a7c971,
        type: 3}
      propertyPath: m_Constraints
      value: 0
      objectReference: {fileID: 0}
    m_RemovedComponents: []
  m_SourcePrefab: {fileID: 100100000, guid: 0f8526ea716a1b5428bacab850a7c971, type: 3}
--- !u!4 &3433910199370210512 stripped
Transform:
  m_CorrespondingSourceObject: {fileID: 8417750109373978755, guid: 0f8526ea716a1b5428bacab850a7c971,
    type: 3}
  m_PrefabInstance: {fileID: 6590569462186935379}
  m_PrefabAsset: {fileID: 0}
